@article(SoccerStory,
author = "Perin, Charles and Vuillemot, Romain and Fekete, Jean-Daniel",
doi = "10.1109/TVCG.2013.192",
isbn = "1077-2626 VO  - 19",
issn = "10772626",
journal = "IEEE Transactions on Visualization and Computer Graphics",
keywords = "Visual knowledge discovery,sport analytics,visual aggregation,visual knowledge representation",
number = "12",
pages = "2506--2515",
pmid = "24051817",
title = "SoccerStories: A kick-off for visual soccer analysis",
volume = "19",
year = "2013"
)
@article(SnapShot,
author = "Pileggi, Hannah and Stolper, Charles D and Michael Boyle, J and Stasko, Jhon T",
journal = "IEEE Transactions on Visualization and Computer Graphics",
number = "12",
pages = "2819--2828",
title = "Snapshot: Visualization to propel ice hockey analytics",
url = "http://ieeexplore.ieee.org/xpls/abs\_all.jsp?arnumber=6327288",
volume = "18",
year = "2012"
)
@article(EGM,
author = "Sanui, Junichiro",
journal = "the 3rd Design \& Decision Support Systems in Architecture \& Urban Planning Conference",
keywords = "EGM,Evaluation Grid Method",
pages = "365--374",
title = "Visualization of users requirements: Introduction of the Evaluation Grid Method",
year = "1996"
)
@article(NEM,
author = "Urokohara, Haruhiko and Tanaka, Kenichi and Furuta, Kazuyoshi and Honda, Michiyo and Kurosu, Masaaki",
doi = "10.1145/633292.633394",
isbn = "1581132484",
journal = "Extended Abstracts on Human Factors in Computing Systems",
keywords = "expert user,keystroke level model,novice,task performance measure,usability evaluation,user",
pages = "185--186",
title = "NEM: 'novice expert ratio method' a usability evaluation method to generate a new performance measure",
url = "http://dl.acm.org/citation.cfm?id=633292.633394",
year = "2000",
)
@article(TenniVis,
author = "Polk, Tom and Yang, Jing and Hu, Yueqi and Zhao, Ye",
doi = "10.1109/TVCG.2014.2346445",
issn = "1077-2626",
journal = "IEEE Transactions on Visualization and Computer Graphics",
month = "dec",
number = "12",
pages = "2339--2348",
title = "TenniVis: Visualization for Tennis Match Analysis",
url = "http://ieeexplore.ieee.org/lpdocs/epic03/wrapper.htm?arnumber=6876044 http://ieeexplore.ieee.org/xpls/abs\_all.jsp?arnumber=6876044",
volume = "20",
year = "2014"
)
@article(UCD,
author = "Abras, Chadia",
pages = "1--14",
title = "User-centered design",
url = "http://uba-mobile.googlecode.com/svn/trunk/resources/Abras, Maloney-krichmar, Preece/Bainbridge, W. Encyclopedia of Human-Computer Interaction. Thousand Oaks Sage Publications - Abras, Maloney-Krichmar, Preece - 2004 - User-Centered Design.pdf",
year = "2004"
)
@article(D3,
author = "Bostock, Michael and Ogievetsky, Vadim and Heer, Jeffrey",
number = "12",
pages = "2301--2309",
title = "D3 : Data-Driven Documents",
volume = "17",
year = "2011",
journal = "IEEE Transactions on Visualization and Computer Graphics"
)
@article(dashboard,
author = "K, Arun Sai",
doi = "10.1145/2632434.2632444",
number = "4",
pages = "2--6",
title = "A Data-Agnostic Dashboard Visualization Framework With Customizable Layout For e-Commerce Data Analytics",
volume = "39",
year = "2014",
journal = "SIGSOFT Softw. Eng. Notes"
)
@article(Onoue,
author = "Onoue, Yosuke and Kukimoto, Nobuyuki and Koyamada, Koji",
number = "12",
pages = "43--51",
title = "Causal Relationship Analysis of Member Satisfaction in the Visualization Society of Japan",
volume = "34",
year = "2014"
)
@article(NEMratio,
title = "A new data collection method for usability testing- NEM : Novice Expert ratio Method",
author = "Kurosu, Masaaki and Urokohara, Haruhiko and Sato, Daisuke",
year = "2002",
journal = "Gap Finder"
)
@article(Outflow,
abstract = "Event sequence data is common in many domains, ranging from electronic medical records (EMRs) to sports events. Moreover, such sequences often result in measurable outcomes (e.g., life or death, win or loss). Collections of event sequences can be aggregated together to form event progression pathways. These pathways can then be connected with outcomes to model how alternative chains of events may lead to different results. This paper describes the Outflow visualization technique, designed to (1) aggregate multiple event sequences, (2) display the aggregate pathways through different event states with timing and cardinality, (3) summarize the pathways' corresponding outcomes, and (4) allow users to explore external factors that correlate with specific pathway state transitions. Results from a user study with twelve participants show that users were able to learn how to use Outflow easily with limited training and perform a range of tasks both accurately and rapidly.",
author = "Wongsuphasawat, Krist and Gotz, David",
doi = "10.1109/TVCG.2012.225",
file = ":Users/shin/Library/Application Support/Mendeley Desktop/Downloaded/Wongsuphasawat, Gotz - 2012 - Exploring flow, factors, and outcomes of temporal event sequences with the outflow visualization.pdf:pdf",
isbn = "1077-2626 VO - 18",
issn = "10772626",
journal = "IEEE Transactions on Visualization and Computer Graphics",
keywords = "Outflow,information visualization,state diagram,state transition,temporal event sequences,
mendeley-groups = sports visualization",
month = "dec",
number = "12",
pages = "2659--2668",
title = "Exploring flow, factors, and outcomes of temporal event sequences with the outflow visualization",
url = "http://ieeexplore.ieee.org/lpdocs/epic03/wrapper.htm?arnumber=6327272 http://ieeexplore.ieee.org/xpls/abs\_all.jsp?arnumber=6327272",
volume = "18",
year = "2012"
)
@article(Nielsen,
abstract = "For 11 studies, we find that the detection of usability problems as a function of number of users tested or heuristic evaluators employed is well modeled as a Poisson process. The model can be used to plan the amount of evaluation required to achieve desired levels of thoroughness or benefits. Results of early tests can provide estimates of the number of problems left to be found and the number of additional evaluations needed to find a given fraction. With quantitative evaluation costs and detection values, the model can estimate the numbers of evaluations at which optimal cost/benefit ratios are obtained and at which marginal utility vanishes. For a “medium” example, we estimate that 16 evaluations would be worth their cost, with maximum benefit/cost ratio at four.",
author = "Nielsen, Jakob and Landauer, Thomas K",
doi = "10.1145/169059.169166",
journal = "Transport",
pages = "206--213",
title = "A Mathematical Model of the Finding of Usability Problems",
year = "1993",
booktitle = "Proceedings of the INTERACT '93 and CHI '93 Conference on Human Factors in Computing Systems"
)




@book{ad2,
author = {H. L. Ansbacher and R. R. Ansbacher},
title = {THE INDIVIDUAL PSYCHOLOGY OF ALFRED ADLER},
publisher = { Haper Row Publishers Inc, New York},
year = 1956
}






@article{bostock2012d3,
title={D3. js},
author={B. Michael},
journal={Data Driven Documents},
year={2012}
}


@book{zokad,
author = {野田俊作},
title = {続アドラー心理学トーキングセミナー勇気づけの家族コミュニケーション},
publisher = {アニマ2001},
year = 1991
}


@ARTICLE{kh1,
author = "樋口耕一",
title = "テキスト型データの計量的分析 ―2つのアプローチの峻別と統合―",
journal = "理論と方法",
year = 2004,
volume = "19",
number = "1",
pages = "101-115"
}

@ARTICLE{kango,
author = "杉浦暁代，新美綾子",
title = "プロジェクト学習を用いた成人看護学概論の学習により学生が認識した学びと成長 ―テキストマイニングによる分析―",
journal = "第44 回日本看護学会 看護教育 学術集会抄録集",
year = 2013,
pages = "60"
}


@ARTICLE{shou,
author = "庄 熇亮",
title = "Webカウンセリングシステムの開発および心理データの可視化",
journal = "東洋大学審査学位論文",
year = 2013,
page = {78--80}
}


@ARTICLE{itoh2010interactive,
title={An interactive visualization framework for time-series of web graphs in a 3D environment},
author={I. Masahiko，T. Masashi，and K. Masaru},
journal={Information Visualisation, International Conference, IEEE},
year={2010},
volume = "14",
number = "4",
pages={54--60}
}


@book(kh2,
author = {樋口耕一},
title = {社会調査のための計量テキスト分析 ――内容分析の継承と発展を目指して},
publisher = {ナカニシヤ出版},
year = 2014
)

@book(sn0,
author = {キャサリンコーリン},
title = {心理学大辞典},
publisher = {三省堂},
year = 2013
)



@ARTICLE(manu,
author = "樋口耕一",
title = "KH Coder 2.x リファレンス・マニュアル",
year = 2015
)



@ARTICLE{voistrap,
author = "原田陽雄，米山博人，下谷啓",
title = "コミュニケーション可視化技術「Voistrap®」",
journal = "富士ゼロックス テクニカルレポート",
year = 2013,
number = "22",
pages = "86-95"
}


@ARTICLE{kuromojijs,
author = "T. Asano",
title = "kuromoji.js, \url{https://github.com/takuyaa/kuromoji.js}",
year = 2015
}


@ARTICLE{kuromoji,
author = "Atilika",
title = "Kuromoji morphological analyzer, \url{http://www.atilika.org}",
year = 2012
}




@ARTICLE{attrakdiff,
author = "M. Hassenzahl",
title = "Hedonic, emotional and experiential perspectives on product quality",
journal = "C. Ghaoui (Ed.), Encyclopedia of Human Computer Interaction",
year = 2006,
pages = "266-272"
}


@ARTICLE{tokkyo,
author = "富士通株式会社",
title = "受信メール分類装置、受信メール分類プログラム及び受信メール分類方法",
journal = "特開2013-105226",
year = "2013.5.30"
}

@article{Dirac1953888,
title   = "The lorentz transformation and absolute time",
journal = "Physica ",
volume  = "19",
number  = "1-–12",
pages   = "888--896",
year    = "1953",
doi     = "10.1016/S0031-8914(53)80099-6",
author  = "P.A.M. Dirac"
}

@article{Feynman1963118,
title   = "The theory of a general quantum system interacting with a linear dissipative system",
journal = "Annals of Physics ",
volume  = "24",
pages   = "118--173",
year    = "1963",
doi     = "10.1016/0003-4916(63)90068-X",
author  = "R.P Feynman and F.L {Vernon Jr.}"
}

%%





@book{ad2,
author = {H. L. Ansbacher and R. R. Ansbacher},
title = {THE INDIVIDUAL PSYCHOLOGY OF ALFRED ADLER},
publisher = { Haper Row Publishers Inc, New York},
year = 1956
}



@ARTICLE{taskdrive,
author = {E. Alexander and M. Gleicher},
title = {Task-Driven Comparison of Topic Models},
journal = "IEEE TRANSACTIONS ON VISUALIZATION AND COMPUTER GRAPHICS",
year = 2016,
volume = "22",
number = "1",
pages = "320-329"
}

@article{taskdriven,
  title={Task-driven comparison of topic models},
  author={Alexander, Eric and Gleicher, Michael},
  journal={IEEE Transactions on visualization and computer graphics},
  volume={22},
  number={1},
  pages={320--329},
  year={2016},
  publisher={IEEE}
}



@ARTICLE{kh1,
author = "樋口耕一",
title = "テキスト型データの計量的分析 ―2つのアプローチの峻別と統合―",
journal = "理論と方法",
year = 2004,
volume = "19",
number = "1",
pages = "101-115"
}

@ARTICLE{kango,
author = "杉浦暁代，新美綾子",
title = "プロジェクト学習を用いた成人看護学概論の学習により学生が認識した学びと成長 ―テキストマイニングによる分析―",
journal = "第44 回日本看護学会 看護教育 学術集会抄録集",
year = 2013,
pages = "60"
}





@book(kh2,
author = {樋口耕一},
title = {社会調査のための計量テキスト分析 ――内容分析の継承と発展を目指して},
publisher = {ナカニシヤ出版},
year = 2014
)

@book(sn0,
author = {キャサリンコーリン},
title = {心理学大辞典},
publisher = {三省堂},
year = 2013
)



@ARTICLE(manu,
author = "樋口耕一",
title = "KH Coder 2.x リファレンス・マニュアル",
year = 2015
)



@ARTICLE{voistrap,
author = "原田陽雄，米山博人，下谷啓",
title = "コミュニケーション可視化技術「Voistrap®」",
journal = "富士ゼロックス テクニカルレポート",
year = 2013,
number = "22",
pages = "86-95"
}




@ARTICLE{attrakdiff,
author = "M. Hassenzahl",
title = "Hedonic, emotional and experiential perspectives on product quality",
journal = "C. Ghaoui (Ed.), Encyclopedia of Human Computer Interaction",
year = 2006,
pages = "266-272"
}



@article{vand2,
title={D3. JS: Data-Driven Documents},
author={van Dierendonck, Roland and van Tienhoven, Sam and Elid, Thiago}
}

@article{vand3,
title={D3. js},
author={Bostock, Michael and others},
journal={Data Driven Documents},
volume={492},
pages={701},
year={2012}
}

@article{juman,
title={Morphological Analysis for Unsegmented Languages using Recurrent Neural Network Language Model.},
author={Morita, Hajime and Kawahara, Daisuke and Kurohashi, Sadao},
journal={EMNLP},
pages={2292--2297},
year={2015}
}

@article{KNP,
title={A fully-lexicalized probabilistic model for Japanese syntactic and case structure analysis},
author={Kawahara, Daisuke and Kurohashi, Sadao},
journal={Proceedings of the main conference on Human Language Technology Conference of the North American Chapter of the Association of Computational Linguistics},
pages={176--183},
year={2006}
}

@article{van2009mapping,
title={Mapping text with phrase nets},
author={Van Ham, Frank and Wattenberg, Martin and Vi{\'e}gas, Fernanda B},
journal={IEEE Transactions on visualization and computer graphics},
volume={15},
number={6},
year={2009},
publisher={IEEE}
}

@article{tat2002visualising,
title={Visualising human dialog},
author={Tat, Annie and Carpendale, M Sheelagh T},
journal={Information Visualisation, 2002. Proceedings. Sixth International Conference on},
pages={16--21},
year={2002}
}

@article{bergstrom2007seeing,
title={Seeing more: visualizing audio cues},
author={Bergstrom, Tony and Karahalios, Karrie},
journal={Human-Computer Interaction--INTERACT 2007},
pages={29--42},
year={2007},
publisher={Springer}
}

@article{el2016contovi,
title={ConToVi: Multi-Party Conversation Exploration using Topic-Space Views},
author={El-Assady, Mennatallah and Gold, Valentin and Acevedo, Carmela and Collins, Christopher and Keim, Daniel},
journal={Computer Graphics Forum},
volume={35},
number={3},
pages={431--440},
year={2016}
}

@article{kamata2002,
title={A Study on Separation of Issues in Counseling - Try to understand visually impaired using communication arrows},
author={Minoru Kamata},
journal={Adlerian},
volume={16},
number={2},
pages={75--80},
year={2002},
publisher={Japanese Society of Adlerian Psychology}
}

@article{grad2002preamble,
title={The preamble of the constitution of the World Health Organization},
author={Grad, Frank P},
journal={Bulletin of the World Health Organization},
volume={80},
number={12},
pages={981--981},
year={2002},
publisher={SciELO Public Health}
}

@article{tanaka,
title={An Interface for Reminding of the Content of the Story.},
author={Shotaro Tanaka, Makoto Okabe, Rikio Okiuchi},
journal={Proceedings of 55th Programming Symposium},
volume={2014},
pages={7--15},
year={2014}
}

@article{transcript,
title={TRANSCRIPT OF THERAPY SESSION},
author={Douglas Bower},
journal={The Person-Centered Journal},
volume={Volime 1, Issue 3},
year={1994}
}

@book(Lazarus,
author = {Lazarus R.S. and Folkman S.},
title = {Stress, appraisal, and coping.},
publisher = {Springer Publishing Company, New York},
year = 1984
)

@book(Darshana,
author = {鎌田穣，木村慧心},
title = {ヨーガ療法ダルシャナ},
publisher = {ガイアブックス},
year = 2017,
page={24}
)


@book(kimura,
author = {木村慧心},
title = {実践ヨーガ療法},
publisher = {ガイアブックス(旧.産調出版)},
year = 2011
)


@article{manjunath,
title={ヨーガ療法―その科学的根拠},
author={Manjunath,N.K.},
journal={ヨーガ療法研究},
volume={5},
pages={16-25},
year={2007}
}



@book(ivey,
author = {Ivey A.E.},
title = {マイクロカウンセリング―”学ぶ-使う-教える”技法の統合：その理論と実際},
publisher = {川島書店},
year = 1985
)

@article{hayashidaJp,
title={機械学習を用いた心理カウンセリングにおける会話データの自動カテゴリ分類に関する研究},
author={林田祐磨，上辻智也，江原康生，小山田耕ニ},
journal={日本バーチャルリアリティ学会 第32回テレイマージョン技術研究会},
year={2017}
}
@article{hayashidaEn,
title={Category Classification of Text Data with Machine Learning Technique for Visualizing Flow of Conversation in Counseling},
author={Y. Hayashida，T. Uetsuji，Y. Ebara，K. Koyamada},
journal={In Proc. of IEEE 2017 NICOGRAPH Intrnational},
pages={37-40},
year={2017}
}

@article{tanahashi2012design,
title={Design considerations for optimizing storyline visualizations},
author={Tanahashi, Yuzuru and Ma, Kwan-Liu},
journal={IEEE Transactions on Visualization and Computer Graphics},
volume={18},
number={12},
pages={2679--2688},
year={2012},
publisher={IEEE}
}

@article{tanahashi2015efficient,
title={An efficient framework for generating storyline visualizations from streaming data},
author={Tanahashi, Yuzuru and Hsueh, Chien-Hsin and Ma, Kwan-Liu},
journal={IEEE Transactions on visualization and computer graphics},
volume={21},
number={6},
pages={730--742},
year={2015},
publisher={IEEE}
}

@article{holmes1967social,
title={The social readjustment rating scale},
author={Holmes, Thomas H and Rahe, Richard H},
journal={Journal of psychosomatic research},
volume={11},
number={2},
pages={213--218},
year={1967},
publisher={Elsevier}
}


@article{大友秀治2013全人的人間理解を促進するスピリチュアリティ概念に関する一考察,
title={全人的人間理解を促進するスピリチュアリティ概念に関する一考察: 現代のスピリチュアリティとヨーガのスピリチュアリティの比較から},
author={大友秀治},
journal={西山学苑研究紀要},
volume={8},
pages={57--86},
year={2013},
publisher={京都西山短期大学}
}

@article{shinshinigaku,
title={心身医学},
volume={第31巻第7号},
year={1991},
page={574}
}


@article{シグマ値法使ってる,
title={入眠感調査票の開発と入眠影響要因の解析},
author={山本由華吏 and 田中秀樹 and 山崎勝男 and 白川修一郎},
journal={心理学研究},
volume={74},
number={2},
pages={140--147},
year={2003},
publisher={公益社団法人 日本心理学会}
}

@article{likert1932technique,
title={A technique for the measurement of attitudes.},
author={Likert, Rensis},
journal={Archives of psychology},
year={1932}
}

@article{岩本隆2016人事,
title={人事・教育ビッグデータ分析の経営への活用},
author={岩本隆},
journal={日本情報経営学会誌},
volume={36},
number={4},
pages={36--45},
year={2016},
publisher={日本情報経営学会}
}


@article{小林のぞみ2005意見抽出のための評価表現の収集,
title={意見抽出のための評価表現の収集},
author={小林のぞみ and 乾健太郎 and 松本裕治 and 立石健二 and 福島俊一},
journal={自然言語処理},
volume={12},
number={3},
pages={203--222},
year={2005},
publisher={一般社団法人 言語処理学会}
}


@article{東山昌彦2008述語の選択選好性に着目した名詞評価極性の獲得,
title={述語の選択選好性に着目した名詞評価極性の獲得},
author={東山昌彦},
journal={言語処理学会 第 14 回年次大会, 2008},
year={2008}
}

@article{鎌田穣2002臨床,
title={臨床 カウンセリングにおける課題の分離に関する一議論--コミュニケーションの矢印を用いた視覚的理解の試み},
author={鎌田穣},
journal={アドレリアン},
volume={16},
number={2},
pages={75--80},
year={2002},
publisher={日本アドラ-心理学会}
}

@article{kishimoto,
title={クラウドソーシングを用いた談話関係アノテーションの改良},
author={岸本 裕大，澤田 晋之介，村脇 有吾，河原 大輔，黒橋 禎夫},
journal={言語処理学会第23回年次大会},
page={pp.819--822},
year={2017}
}



@article{sasano2009probabilistic,
title={A probabilistic model for associative anaphora resolution},
author={Sasano, Ryohei and Kurohashi, Sadao},
journal={Proceedings of the 2009 Conference on Empirical Methods in Natural Language Processing: Volume 3-Volume 3},
pages={1455--1464},
year={2009},
organization={Association for Computational Linguistics}
}

@article{sasano2011discriminative,
title={A Discriminative Approach to Japanese Zero Anaphora Resolution with Large-scale Lexicalized Case Frames.},
author={Sasano, Ryohei and Kurohashi, Sadao},
journal={IJCNLP},
pages={758--766},
year={2011}
}

@article{植田一博2006会話の分析とモデル化,
title={会話の分析とモデル化 (< 特集> 会話情報学)},
author={植田一博 and 吉川左紀子 and 伝康晴 and 長岡千賀 and 大本義正 and 榎本美香 and others},
journal={人工知能学会誌},
volume={21},
number={2},
pages={169--175},
year={2006}
}

@article{武藤清栄2007人間関係やコミュニケーション障害による生産性の低下,
title={人間関係やコミュニケーション障害による生産性の低下},
author={武藤清栄 and 村上章子},
journal={病院},
volume={66},
number={8},
pages={690--695},
year={2007},
publisher={株式会社医学書院}
}

@article{angus2012conceptual,
title={Conceptual recurrence plots: Revealing patterns in human discourse},
author={Angus, Daniel and Smith, Andrew and Wiles, Janet},
journal={IEEE Transactions on Visualization and Computer Graphics},
volume={18},
number={6},
pages={988--997},
year={2012},
publisher={IEEE}
}

@article{cook2014monologger,
title={Monologger: visualizing engagement in doctor-patient conversation},
author={Cook, Jonathan and Hirsch, Tad},
journal={Proceedings of the 2014 companion publication on Designing interactive systems},
pages={37--40},
year={2014},
organization={ACM}
}

@article{cui2011textflow,
title={Textflow: Towards better understanding of evolving topics in text},
author={Cui, Weiwei and Liu, Shixia and Tan, Li and Shi, Conglei and Song, Yangqiu and Gao, Zekai and Qu, Huamin and Tong, Xin},
journal={IEEE Transactions on visualization and computer graphics},
volume={17},
number={12},
pages={2412--2421},
year={2011},
publisher={IEEE}
}

@article{glueck2018phenolines,
  title={PhenoLines: Phenotype Comparison Visualizations for Disease Subtyping via Topic Models},
  author={Glueck, Michael and Naeini, Mahdi Pakdaman and Doshi-Velez, Finale and Chevalier, Fanny and Khan, Azam and Wigdor, Daniel and Brudno, Michael},
  journal={IEEE Transactions on visualization and computer graphics},
  volume={24},
  number={1},
  pages={371--381},
  year={2018},
  publisher={IEEE}
}

@article{gad2015themedelta,
  title={Themedelta: Dynamic segmentations over temporal topic models},
  author={Gad, Samah and Javed, Waqas and Ghani, Sohaib and Elmqvist, Niklas and Ewing, Tom and Hampton, Keith N and Ramakrishnan, Naren},
  journal={IEEE Transactions on visualization and computer graphics},
  volume={21},
  number={5},
  pages={672--685},
  year={2015},
  publisher={IEEE}
}
